[gd_scene load_steps=14 format=2]

[ext_resource path="res://assets/theme.theme" type="Theme" id=1]
[ext_resource path="res://battle/hud/battle_hud.gd" type="Script" id=2]
[ext_resource path="res://battle/hud/battle_button.tscn" type="PackedScene" id=3]

[sub_resource type="InputEventKey" id=1]

device = 0
alt = false
shift = false
control = false
meta = false
command = false
pressed = false
scancode = 69
unicode = 0
echo = false

[sub_resource type="ShortCut" id=2]

shortcut = SubResource( 1 )

[sub_resource type="InputEventKey" id=3]

device = 0
alt = false
shift = false
control = false
meta = false
command = false
pressed = false
scancode = 65
unicode = 0
echo = false

[sub_resource type="ShortCut" id=4]

shortcut = SubResource( 3 )

[sub_resource type="InputEventKey" id=5]

device = 0
alt = false
shift = false
control = false
meta = false
command = false
pressed = false
scancode = 83
unicode = 0
echo = false

[sub_resource type="ShortCut" id=6]

shortcut = SubResource( 5 )

[sub_resource type="InputEventKey" id=7]

device = 0
alt = false
shift = false
control = false
meta = false
command = false
pressed = false
scancode = 68
unicode = 0
echo = false

[sub_resource type="ShortCut" id=8]

shortcut = SubResource( 7 )

[sub_resource type="InputEventKey" id=9]

device = 0
alt = false
shift = false
control = false
meta = false
command = false
pressed = false
scancode = 67
unicode = 0
echo = false

[sub_resource type="ShortCut" id=10]

shortcut = SubResource( 9 )

[node name="BattleHUD" type="Control"]

anchor_left = 0.0
anchor_top = 0.0
anchor_right = 1.0
anchor_bottom = 1.0
rect_pivot_offset = Vector2( 0, 0 )
rect_clip_content = false
mouse_filter = 2
mouse_default_cursor_shape = 0
size_flags_horizontal = 1
size_flags_vertical = 1
theme = ExtResource( 1 )
script = ExtResource( 2 )
_sections_unfolded = [ "Mouse", "Theme" ]

[node name="Buttons" type="VBoxContainer" parent="." index="0"]

anchor_left = 0.0
anchor_top = 1.0
anchor_right = 0.0
anchor_bottom = 1.0
margin_left = 50.0
margin_top = -500.0
margin_right = 180.0
margin_bottom = -50.0
rect_min_size = Vector2( 130, 0 )
rect_pivot_offset = Vector2( 0, 0 )
rect_clip_content = false
mouse_filter = 2
mouse_default_cursor_shape = 0
size_flags_horizontal = 1
size_flags_vertical = 1
alignment = 2
_sections_unfolded = [ "Margin", "Mouse", "Rect" ]

[node name="Move" parent="Buttons" index="0" instance=ExtResource( 3 )]

editor/display_folded = true
margin_top = 284.0
margin_bottom = 314.0
shortcut = SubResource( 2 )

[node name="RichTextLabel" parent="Buttons/Move" index="0"]

bbcode_text = "Mov[[u]e[/u]]"
text = "Mov[e]"

[node name="Attack" parent="Buttons" index="1" instance=ExtResource( 3 )]

editor/display_folded = true
margin_top = 318.0
margin_bottom = 348.0
shortcut = SubResource( 4 )

[node name="RichTextLabel" parent="Buttons/Attack" index="0"]

bbcode_text = "[[u]A[/u]]ttack"
text = "[A]ttack"

[node name="Skill" parent="Buttons" index="2" instance=ExtResource( 3 )]

editor/display_folded = true
margin_top = 352.0
margin_bottom = 382.0
shortcut = SubResource( 6 )

[node name="RichTextLabel" parent="Buttons/Skill" index="0"]

bbcode_text = "[[u]S[/u]]kill"
text = "[S]kill"

[node name="End" parent="Buttons" index="3" instance=ExtResource( 3 )]

editor/display_folded = true
margin_top = 386.0
margin_bottom = 416.0
shortcut = SubResource( 8 )

[node name="RichTextLabel" parent="Buttons/End" index="0"]

bbcode_text = "En[[u]d[/u]] Turn"
text = "En[d] Turn"

[node name="SkillsMenu" type="VBoxContainer" parent="Buttons" index="4"]

visible = false
anchor_left = 0.0
anchor_top = 0.0
anchor_right = 0.0
anchor_bottom = 0.0
margin_top = 416.0
margin_right = 200.0
margin_bottom = 416.0
rect_pivot_offset = Vector2( 0, 0 )
rect_clip_content = false
mouse_filter = 1
mouse_default_cursor_shape = 0
size_flags_horizontal = 1
size_flags_vertical = 1
alignment = 0

[node name="WeaponsMenu" type="VBoxContainer" parent="Buttons" index="5"]

visible = false
anchor_left = 0.0
anchor_top = 0.0
anchor_right = 0.0
anchor_bottom = 0.0
margin_top = 416.0
margin_right = 200.0
margin_bottom = 416.0
rect_pivot_offset = Vector2( 0, 0 )
rect_clip_content = false
mouse_filter = 1
mouse_default_cursor_shape = 0
size_flags_horizontal = 1
size_flags_vertical = 1
alignment = 0

[node name="Cancel" parent="Buttons" index="6" instance=ExtResource( 3 )]

editor/display_folded = true
margin_top = 420.0
margin_bottom = 450.0
shortcut = SubResource( 10 )

[node name="RichTextLabel" parent="Buttons/Cancel" index="0"]

bbcode_text = "[[u]C[/u]]ancel"
text = "[C]ancel"

[connection signal="pressed" from="Buttons/Move" to="." method="_on_Move_pressed"]

[connection signal="pressed" from="Buttons/Attack" to="." method="_on_Attack_pressed"]

[connection signal="pressed" from="Buttons/Skill" to="." method="_on_Skill_pressed"]

[connection signal="pressed" from="Buttons/End" to="." method="_on_End_pressed"]

[connection signal="pressed" from="Buttons/Cancel" to="." method="_on_Cancel_pressed"]


[editable path="Buttons/Move"]
[editable path="Buttons/Attack"]
[editable path="Buttons/Skill"]
[editable path="Buttons/End"]
[editable path="Buttons/Cancel"]
